@article{petersen2008matrix,
  title={The matrix cookbook},
  author={Petersen, Kaare Brandt and others}
}